<?xml version="1.0" encoding="UTF-8"?><collection xmlns="http://www.loc.gov/MARC21/slim"><record><leader>00441nam--2200133-i-4500</leader><controlfield tag="001">000010512</controlfield><controlfield tag="002">20161230</controlfield><controlfield tag="005">20161230201028</controlfield><controlfield tag="008">060222s1000------------r-----000-0-eng-d</controlfield><datafield ind1=" " ind2=" " tag="080"><subfield code="a">015:621.3.01</subfield></datafield><datafield ind1=" " ind2=" " tag="100"><subfield code="a">Combet, Henri-alain</subfield></datafield><datafield ind1=" " ind2=" " tag="245"><subfield code="a">Contribution a l`etude des effets de proximite entre metaux normaux et supracondsucteurs et de leurs applications en hyperfrequences. these</subfield></datafield><datafield ind1=" " ind2=" " tag="260"><subfield code="a">Orsay, Centre D`Orsay, 1972 95 P</subfield></datafield><datafield ind1=" " ind2=" " tag="852"><subfield code="a">38025</subfield></datafield></record></collection>